@inproceedings{le2013fastfood,
title = {Fastfood - Approximating Kernel Expansions in Loglinear Time},
author  = {Quoc Le and Tamas Sarlos and Alex Smola},
year  = 2013,
URL = {http://jmlr.org/proceedings/papers/v28/le13.html},
booktitle = {30th International Conference on Machine Learning (ICML)}
}

@inproceedings{sriperumbudur2015optimal,
  title={Optimal rates for random Fourier features},
  author={Sriperumbudur, Bharath and Szab{\'o}, Zolt{\'a}n},
  booktitle={Advances in Neural Information Processing Systems},
  pages={1144--1152},
  year={2015}
}

@inproceedings{dai2014scalable,
  title={Scalable kernel methods via doubly stochastic gradients},
  author={Dai, Bo and Xie, Bo and He, Niao and Liang, Yingyu and Raj, Anant and Balcan, Maria-Florina F and Song, Le},
  booktitle={Advances in Neural Information Processing Systems},
  pages={3041--3049},
  year={2014}
}

@inproceedings{rahimi2007random,
  title={Random features for large-scale kernel machines},
  author={Rahimi, Ali and Recht, Benjamin},
  booktitle={Advances in neural information processing systems},
  pages={1177--1184},
  year={2007}
}

@inproceedings{rahimi2009weighted,
  title={Weighted sums of random kitchen sinks: Replacing minimization with randomization in learning},
  author={Rahimi, Ali and Recht, Benjamin},
  booktitle={Advances in neural information processing systems},
  pages={1313--1320},
  year={2009}
}

@inproceedings{Sejdinovic-Gretton,
  title = {What is an RKHS?},
  author  = {Dino Sejdinovic and Arthur Gretton},
  year  = 2014,
  URL = {http://www.stats.ox.ac.uk/~sejdinov/teaching/atml14/Theory_2014.pdf}
}

@inproceedings{Sun,
  author = {Rongfeng Sun},
  URL = {http://www.math.nus.edu.sg/~matsr/ProbI/Lecture7.pdf}
}

@inproceedings{Essay,
  author = {},
  URL = {https://tqft.net/web/teaching/2014/Analysis3/Assignments/Essay/Example3.pdf}
}

@inproceedings{yang2012nystrom,
  title={Nystr{\"o}m method vs random fourier features: A theoretical and empirical comparison},
  author={Yang, Tianbao and Li, Yu-Feng and Mahdavi, Mehrdad and Jin, Rong and Zhou, Zhi-Hua},
  booktitle={Advances in neural information processing systems},
  pages={476--484},
  year={2012}
}

@inproceedings{imagenet_cvpr09,
        AUTHOR = {Deng, J. and Dong, W. and Socher, R. and Li, L.-J. and Li, K. and Fei-Fei, L.},
        TITLE = {ImageNet: A Large-Scale Hierarchical Image Database},
        BOOKTITLE = {CVPR09},
        YEAR = {2009},
        BIBSOURCE = "http://www.image-net.org/papers/imagenet_cvpr09.bib"}
        
@article{rumelhart1988learning,
  title={Learning representations by back-propagating errors},
  author={Rumelhart, David E and Hinton, Geoffrey E and Williams, Ronald J},
  journal={Cognitive modeling},
  volume={5},
  number={3},
  pages={1}
}

@article{robbins1951stochastic,
  title={A stochastic approximation method},
  author={Robbins, Herbert and Monro, Sutton},
  journal={The annals of mathematical statistics},
  pages={400--407},
  year={1951},
  publisher={JSTOR}
}

@book{shalev2014understanding,
  title={Understanding machine learning: From theory to algorithms},
  author={Shalev-Shwartz, Shai and Ben-David, Shai},
  year={2014},
  publisher={Cambridge University Press}
}

@article{mercer1909functions,
  title={Functions of positive and negative type, and their connection with the theory of integral equations},
  author={Mercer, James},
  journal={Philosophical transactions of the royal society of London. Series A, containing papers of a mathematical or physical character},
  volume={209},
  pages={415--446},
  year={1909},
  publisher={JSTOR}
}